
<record>
  <controlfield tag="001">776837</controlfield>
  <datafield tag="710" ind1=" " ind2=" ">
    <subfield code="g">Super-Kamiokande</subfield>
  </datafield>
  <datafield tag="037" ind1=" " ind2=" ">
    <subfield code="a">arXiv:0801.0776</subfield>
    <subfield code="9">arXiv</subfield>
    <subfield code="c">hep-ex</subfield>
  </datafield>
  <datafield tag="245" ind1=" " ind2=" ">
    <subfield code="a">Search for Matter-Dependent Atmospheric Neutrino Oscillations in Super-Kamiokande</subfield>
  </datafield>
  <datafield tag="024" ind1="7" ind2=" ">
    <subfield code="a">10.1103/PhysRevD.77.052001</subfield>
    <subfield code="2">DOI</subfield>
  </datafield>
  <datafield tag="035" ind1=" " ind2=" ">
    <subfield code="a">oai:arXiv.org:0801.0776</subfield>
    <subfield code="z">oai:arXiv.org:0801.0776</subfield>
    <subfield code="9">arXiv</subfield>
  </datafield>
  <datafield tag="035" ind1=" " ind2=" ">
    <subfield code="z">D08-02432</subfield>
    <subfield code="9">DESY</subfield>
  </datafield>
  <datafield tag="035" ind1=" " ind2=" ">
    <subfield code="a">Abe:2008zza</subfield>
    <subfield code="9">SPIRESTeX</subfield>
  </datafield>
</record>

</collection>